@book{wang2012geometric,
  title={Geometric Structure of High-Dimensional Data and Dimensionality Reduction},
  author={J. Wang},
  isbn={9783642274978},
  lccn={2011944174},
  url={https://books.google.com.br/books?id=0RmZRb2fLpgC},
  year={2012},
  publisher={Springer Berlin Heidelberg}
}

@article{ren2010,
    author  ={A. H. Renear, S. Sacchi and K. M. Wickett},
    title   ={Definitions of Dataset in the Scientific and Technical Literature},
    journal ={ASIS\&T 2010},
    year    ={2010},
    url     ={https://www.asis.org/asist2010/proceedings/proceedings/ASIST_AM10/openpage.html}
}

@article{cay2005,
  title={Algorithms for manifold learning},
  author={L. Cayton},
  journal={Univ. of California at San Diego Tech. Rep},
  pages={1--17},
  year={2005}
}

@article{gho2006,
  title={Dimensionality reduction a short tutorial},
  author={A. Ghodsi},
  journal={Department of Statistics and Actuarial Science, Univ. of Waterloo, Ontario, Canada},
  year={2006}
}

@book{cox2001,
  title={Multidimensional scaling},
  author={T.F. Cox and M. A. A. Cox},
  year={2000},
  publisher={CRC Press},
  address="Boca Raton, FL, USA"
}

@manual{gan2008,
	title={The Singular Value Decomposition},
	author={W. Gander},
	month={December},
	year={2008},
	url={https://www2.math.ethz.ch/education/bachelor/lectures/hs2014/other/linalg_INFK/svdneu.pdf}
}

@book{lee2009,
  title={Manifolds and differential geometry},
  author={J. M. Lee},
  volume={107},
  year={2009},
  publisher={American Mathematical Society Providence}
}

@book{lee2002,
  title={Introduction to Smooth Manifolds},
  author={Lee, J.M.},
  isbn={9780387954950},
  lccn={02070454},
  series={Graduate Texts in Mathematics},
  url={https://books.google.com.br/books?id=4sGuQgAACAAJ},
  year={2002},
  publisher={Springer},
  address={New York, NY, USA}
}

@online{stereo_proj,
	author = {E. W. Weisstein},
	title  = {Stereographic Projection},
	date   = {2011-08},
	url    = {http://mathworld.wolfram.com/StereographicProjection.html}
}

@book{berge1973,
  title={Graphs and hypergraphs},
  author={C. Berge and E. Minieka},
  volume={7},
  year={1973},
  publisher={North-Holland publishing company Amsterdam}
}

@book{may1972,
	title={Graph Theory},
	author={W. Mayeda},
	year={1972},
	publisher={John Wiley \& Sons}
}

@book{cor2011,
  title={Introduction to Algorithms},
  author={T.H. Cormen},
  isbn={9788120321410},
  lccn={2001031277},
  series={Introduction to Algorithms},
  url={https://books.google.com.br/books?id=7cNgPwAACAAJ},
  year={2001},
  publisher={MIT Press}
}

@book{pat1996,
  title={Elements of Machine Learning},
  author={Langley, P.},
  isbn={9781558603011},
  lccn={98029398},
  series={Machine Learning Series},
  url={https://books.google.com.br/books?id=TNg5qVoqRtUC},
  year={1996},
  publisher={Morgan Kaufmann}
}

@online{hot2009,
	author = {L. W. Hosch},
	title  = {Machine Learning},
	date   = {Dec. 8, 2014},
	url    = {http://global.britannica.com/technology/machine-learning}
}

@book{awa2015,
  title={Efficient Learning Machines: Theories, Concepts, and Applications for Engineers and System Designers},
  author={M. Awad and R. Khanna},
  year={2015},
  address={New York, NY, USA},
  publisher={Apress}
}

@article{zhu2009,
  title={Introduction to semi-supervised learning},
  author={X. Zhu and A. B. Goldberg},
  journal={Synthesis lectures on artificial intelligence and machine learning},
  volume={3},
  number={1},
  pages={1--130},
  year={2009},
  publisher={Morgan \& Claypool Publishers}
}

@online{sksvm,
	author={scikit-learn},
	title  = {SVM: Maximum margin separating hyperplane},
	url    = {http://scikit-learn.org/stable/auto_examples/svm/plot_separating_hyperplane.html}
}

@online{skisomap,
	author={scikit-learn},
	title={Manifold Learning: Isomap},
	url={http://scikit-learn.org/stable/modules/manifold.html#isomap}
}

@unpublished{mitsvm,
	author={P. Winston},
	title={Learning: Support Vector Machine},
	year={2010},
	school={Massachusetts Institute of Technology},
	url={https://www.youtube.com/watch?v=_PwhiWxHK8o}
}

@unpublished{wessvmdef,
	author={J. Weston},
	title={Support Vector Machine (and Statistical Learning Theory) Tutorial},
	institution={NEC Labs America},
	address={4 Independence Way, Princeton, USA},
	url={http://www.cs.columbia.edu/~kathy/cs4701/documents/jason_svm_tutorial.pdf}
}

@book{svmkernels,
  title={Introduction to information retrieval},
  author={C. D. Manning, P. Raghavan and H. Schutze},
  volume={1},
  year={2008},
  publisher={Cambridge university press Cambridge},
  url={http://nlp.stanford.edu/IR-book/pdf/irbookonlinereading.pdf}
}

@unpublished{rif2008,
	author={R. Rifkin},
	title={Multiclass Classification},
	year={2008},
	school={Massachusetts Institute of Technology},
	url={http://www.mit.edu/~9.520/spring09/Classes/multiclass.pdf}
}

@unpublished{ovacj,
	title={SVM Multi-Class Classification},
	year={2008},
	school={Technische Universität München},
	url={https://www.sec.in.tum.de/assets/lehre/ws0910/ml/slideslecture9.pdf}
}

@online{crossvalid,
	author={scikit-learn},
	title  = {Cross-validation: evaluating estimator performance},
	url    = {http://scikit-learn.org/stable/modules/cross_validation.html}
}

@online{gridsearch,
	author={scikit-learn},
	title={Grid Search: Searching for estimator parameterse},
	url={http://scikit-learn.org/stable/modules/grid_search.html}
}

@online{roh2015,
	author={B. Rohrer},
	title={How to choose algorithms for Microsoft Azure Machine Learning},
	institution={Microsoft Azure},
	year={2015},
	url={https://azure.microsoft.com/en-us/documentation/articles/machine-learning-algorithm}
}

@book{pca1989,
  title={Principal components analysis},
  author={G.H. Dunteman},
  number={69},
  year={1989},
  address={Newbury Road, CA, USA},
  publisher={Sage}
}

@article{pca2002,
  title={A tutorial on principal components analysis},
  author={L. I. Smith},
  journal={Cornell University, USA},
  volume={51},
  pages={52},
  year={2002},
  url={http://www.cs.otago.ac.nz/cosc453/student_tutorials/principal_components.pdf}
}

@article{pcajon2003,
  title={A tutorial on principal component analysis},
  author={J. Shlens},
  journal={arXiv preprint arXiv:1404.1100},
  year={2014},
  url={https://www.cs.princeton.edu/picasso/mats/PCA-Tutorial-Intuition_jp.pdf}
}

@online{pcapy,
	author={S. Raschka},
	title={Implementing a Principal Component Analysis (PCA) in Python step by step},
	institution={Microsoft Azure},
	month={April},
	year={2014},
	url={http://sebastianraschka.com/Articles/2014_pca_step_by_step.html}
}

@article{ten2000,
  title={A global geometric framework for nonlinear dimensionality reduction},
  author={T. B. Joshua, V. Silva and J. C. Langford},
  journal={Science},
  volume={290},
  number={5500},
  pages={2319--2323},
  year={2000},
  publisher={American Association for the Advancement of Science}
}

@article{herik2009,
  title={Dimensionality reduction: A comparative review},
  author={L. Maaten, E. Postma and J. Herik},
  journal={Journal of Machine Learning Research},
  volume={10},
  number={1-41},
  pages={66--71},
  year={2009},
  publisher={Citeseer}
}

@article{lin2008riemannian,
  title={Riemannian manifold learning},
  author={T. Lin and H. Zha},
  journal={Pattern Analysis and Machine Intelligence, IEEE Transactions on},
  volume={30},
  number={5},
  pages={796--809},
  year={2008},
  publisher={IEEE}
}

@book{donoho2002does,
  title={When Does ISOMAP Recover the Natural Parameterization of Families of Articulated Images?},
  author={D.L. Donoho and C. Grimes},
  series={Technical report (Stanford University. Dept. of Statistics)},
  url={https://books.google.com.br/books?id=zCr8GwAACAAJ},
  year={2002},
  publisher={Department of Statistics, Stanford University}
}

@unpublished{lerman2005,
	author={G. Lerman},
	title={Manifold Learning Techniques: so which is the best?},
	year={2005},
	school={University of California, Los Angeles},
	url={http://www.math.ucla.edu/~wittman/mani/mani_presentation.pdf}
}

@article{shi2012fast,
	title={A fast manifold learning algorithm},
	author={L. Shi and J. Gu},
	journal={Information Technology Journal},
	volume={11},
	number={3},
	pages={380--383},
	year={2012},
	publisher={Asian Network for Scientific Information (ANSINET)},
	url={http://scialert.net/fulltext/?doi=itj.2012.380.383&org=11}
}
